@ARTICLE{PruBuzNik13,
  author = {Прун, В. Е.
  and Бузмаков, А. В.
  and Николаев, Д. П.
  and Чукалина, М. В.
  and Асадчиков, В. Е.},
  title = {Вычислительно эффективный вариант алгебраического метода компьютерной томографии},
  journal = {Автоматика и телемеханика },
  year = {2013},
  number = {10},
  pages = {86--97},
  language = {russian},
}

@Article{Prun2013Crys,
author="Prun, V. E.
and Nikolaev, D. P.
and Buzmakov, A. V.
and Chukalina, M. V.
and Asadchikov, V. E.",
title="Effective regularized algebraic reconstruction technique for computed tomography",
journal="Crystallography Reports",
year="2013",
volume="58",
number="7",
pages="1063--1066",
abstract="A new fast version of the reconstruction algorithm for computed tomography based on the simultaneous algebraic reconstruction technique (SART) is proposed. The algorithm iteration is asymptotically accelerated using the fast Hough transform from O(n                3) to O(n^2 logn). Similarly to the algebraic reconstruction technique (RegART), which was proposed by us previously, the regularization operator is applied after each iteration. A bilateral filter plays the role of this operator. The algorithm behavior is investigated using the model experiment.",
issn="1562-689X",
doi="10.1134/S1063774513070158",
url="http://dx.doi.org/10.1134/S1063774513070158"
}

@Article{Vestnik2016,
author="Чукалина, М.~В.
and Николаев, Д.~П.
and Бузмаков, А.~В.
and Ингачева, А.~С.
and Золотов, Д.~А. 
and Гладков, А.~П.
and Прун, В.~Е. 
and Рощин, Б.~С.
and Щелоков, И.~А.
and Гулимова, В.~И.
and Савельев, С.~В.
and Асадчиков В.~Е.",
title="Формирование ошибки в методе компьютерной томографии: от проекции до интерпретации результата",
journal="Вестник РФФИ",
year="2016",
number="4",
volume="92",
pages="72--83",
issn="1605-8070",
doi="10.22204/2410-4639-2016-092-04-72-83",
language="russian"
}

@artilce{trudi_isa_2018,
  title= {Уменьшение влияния сильнопоглощающих включений на восстановление алгебраическим методом в задаче компьютерной томографии},
  author= {В. Е. Прун},
  journal={Труды ИСА РАН},
  year={2018},
  pages={117--123},
  doi="10.14357/20790279180513",
  language="russian",
  issn="2079-0279"
}

@article{cryst-2018,
  title="Рентгеновская томография в условиях полихроматического зондирования: использование знаний о мультикомпонентности в методе реконструкции",
  author="Прун, В.~Е.
  and Бузмаков, А.~В.
  and Чукалина, М.~В",
  journal="Кристаллография",
  year={2019},
  language="russian"
}