@inproceedings{itas2015Prun,
  author = {Прун, В. Е. and Николаев, Д. П. and Чукалина, М. В. and Ингачева, А. С. and Бузмаков, А. В.},
  title = {Нелинейный Алгебраический Метод Компьютерной Томографии при Немонохроматическом Источнике},
  booktitle = {Сборник трудов 39-й междисциплинарной школы-конференции ИППИ РАН {\guillemotleft}Информационные технологии и системы 2015{\guillemotright}},
  year = {2015},
  language = {russian},
  pages = {536--541}
}

@inproceedings{itas2015Ingacheva,
  author = {Ингачева, А. С. and Чукалина, М. В. and Николаев, Д. П. and Бузмаков, А. В. and Прун, В.Е.},
  title = {Критерий численной оценки выраженности артефактов восстановления для возможности дальнейшей оценки качества реконструкции в случае использования полихроматической моды для зондирования в методе рентгеновской томографии},
  booktitle = {Сборник трудов 39-й междисциплинарной школы-конференции ИППИ РАН {\guillemotleft}Информационные технологии и системы 2015{\guillemotright}},
  year = {2015},
  language = {russian},
  pages = {509--521}
}

@inproceedings{ecms2015Chukalina,
  author = {Chukalina, Marina V. and Ingacheva, Anastasia and Prun, Victor and Buzmakov, Alexey V. and Nikolaev, Dmitry P.},
  biburl = {http://www.bibsonomy.org/bibtex/29cb7f165c7c8be22a2c1b04d48283ae0/dblp},
  booktitle = {ECMS},
  editor = {Mladenov, Valeri M. and Spasov, Grisha and Georgieva, Petia and Petrova, Galidia},
  ee = {http://dx.doi.org/10.7148/2015-0527},
  interhash = {db273278fd2526231ead40f12762d17a},
  intrahash = {9cb7f165c7c8be22a2c1b04d48283ae0},
  isbn = {978-0-9932440-1-8},
  keywords = {dblp},
  pages = {527--531},
  publisher = {European Council for Modeling and Simulation},
  timestamp = {2015-09-22T11:34:34.000+0200},
  title = {A Way To Reduce The Artifacts Caused By Intensely Absorbing Areas In Computed Tomography.},
  url = {http://dblp.uni-trier.de/db/conf/ecms/ecms2015.html#ChukalinaIPBN15},
  year = {2015}
}

@inproceedings{icmv2015Chukalina,
author = {Chukalina, Marina and Nikolaev, Dmitry and Sokolov, Valerii and Ingacheva, Anastasiya and Buzmakov, Alexey and Prun, Victor},
title = {CT metal artifact reduction by soft inequality constraints},
journal = {Proc. SPIE},
volume = {9875},
abstract = {
The artifacts (known as metal-like artifacts) arising from incorrect reconstruction may obscure or simulate pathology in medical applications, hide or mimic cracks and cavities in the scanned objects in industrial tomographic scans. One of the main reasons caused such artifacts is photon starvation on the rays which go through highly absorbing regions. We indroduce a way to suppress such artifacts in the reconstructions using soft penalty mimicing linear inequalities on the photon starved rays. An efficient algorithm to use such information is provided and the effect of those inequalities on the reconstruction quality is studied.
},
year = {2015},
doi = {10.1117/12.2228810},
URL = { http://dx.doi.org/10.1117/12.2228810}
}

@INPROCEEDINGS{embc2013Buzmakov,
author={A. Buzmakov and M. Chukalina and D. Nikolaev and G. Schaefer and V. Gulimova and S. Saveliev and E. Tereschenko and A. Seregin and R. Senin and V. Prun and D. Zolotov and V. Asadchikov},
booktitle={2013 35th Annual International Conference of the IEEE Engineering in Medicine and Biology Society (EMBC)},
title={Computed microtomography and x-ray fluorescence analysis for comprehensive analysis of structural changes in bone},
year={2013},
pages={2340--2343},
keywords={X-ray fluorescence analysis;aerospace biophysics;bone;computerised tomography;image reconstruction;medical image processing;Turner thick-toed geckos;X-ray fluorescence analysis;amniote;bone;bone tissue;caudal vertebrae;computer microtomography;high noise level projections;long-orbital experiments;spaceflight;structural changes;tomographic image reconstruction;unmanned spacecraft;Bones;Computed tomography;Crystallography;Equations;Image reconstruction;Mathematical model;X-ray imaging},
doi={10.1109/EMBC.2013.6610007},
ISSN={1094-687X},
month={7}
}

@article{nikolaevfast,
  title={Fast Hough transform for reconstruction problem},
  author={Nikolaev, Dmitry and Proon, Victor and Chukalina, Marina and Buzmakov, Alexey and Asadchikov, Victor},
  year={2014},  
  journal={4th Conference on Industrial Computed Tomography (iCT2014)},
  pages={267--271}
}

@incollection{ингачева2015методика,
  title={Методика тестирования и сравнения алгоритмов реконструкции в рентгеновской микротомографии.},
  author={Ингачева, Анастасия Сергеевна and Бузмаков, Алексей Владимирович and Асадчиков, Виктор Евгеньевич and Золотов, Денис Александрович and Чукалина, Марина Валерьевна and Николаев, Дмитрий Петрович and Прун, Виктор Евгеньевич},
  booktitle={Сборник материалов Седьмого международного научного семинара и Пятой международной молодежной научной школы-семинара" Современные методы анализа дифракционных данных и актуальные проблемы рентгеновской оптики" 24-29 августа 2015 г. В. Новгород},
  pages={42--42},
  year={2015}
}

@inproceedings{ингачева2015место,
  title={Место рентгеновской флуоресцентной томографии среди 3D неразрушающих технологий контроля: успехи и неудачи на пути развития метода.},
  author={Ингачева, Анастасия Сергеевна and Чукалина, Марина Валерьевна and Николаев, Дмитрий Петрович and Бузмаков, Алексей Владимирович and Золотов, Денис Александрович and Асадчиков, Виктор Евгеньевич and Прун, Виктор Евгеньевич and Терещенко, Елена Юрьевна},
  booktitle={Сборник тезисов докладов 3-й Международной конференции по компьютерной томографии" Рентгеноскопия и компьютерная томография", 7-8 апреля 2015 г., Москва, Владимир},
  pages={26--27},
  year={2015},
  organization={ВЕСТА-ПРИНТ}
}

@incollection{ингачева2015проблеме,
  title={O проблеме артефактов компьютерной томографии, вызванных наличием интенсивно поглощающих областей.},
  author={Ингачева, Анастасия Сергеевна and Чукалина, Марина Валерьевна and Прун, Виктор Евгеньевич and Бузмаков, Алексей Владимирович and Николаев, Дмитрий Петрович},
  booktitle={Сборник материалов Седьмого международного научного семинара и Пятой международной молодежной научной школы-семинара" Современные методы анализа дифракционных данных и актуальные проблемы рентгеновской оптики" 24-29 августа 2015 г. В. Новгород},
  pages={244--246},
  year={2015}
}

@inproceedings{ingacheva2014tomography,
  title={Tomography problem in polychromatic conditions.},
  author={Ingacheva, Anastasia},
  booktitle={XTOP 2014, Book of abstract. 12th Biennial Conference on High-Resolution X-Ray Diffraction and Imaging, 14-19 september 2014},
  pages={124--124},
  year={2014}
}

@inproceedings{ингачева2014исследование,
  title={Исследование влияния немонохроматичности пучка на точность восстановления томографических изображений.},
  author={Ингачева, Анастасия Сергеевна and Прун, Виктор Евгеньевич and Чукалина, Марина Валерьевна},
  booktitle={Труды 57-й научной конференции МФТИ—Всероссийской научной конференции с международным участием {\guillemotleft}Актуальные проблемы фундаментальных и прикладных наук в области физики{\guillemotright}, Всероссийской молодежной научной конференции с международным участием {\guillemotleft}Актуальные проблемы фундаментальных и прикладных наук в современном информационном обществе{\guillemotright}. Инновации и высокие технологии},
  pages={37--39},
  year={2014},
  organization={МФТИ}
}

@inproceedings{buzmakov2018analysis,
  title={Analysis of computer images in the presence of metals},
  author={Buzmakov, Alexey and Ingacheva, Anastasia and Prun, Victor and Nikolaev, Dmitry and Chukalina, Marina and Ferrero, Claudio and Asadchikov, Victor},
  booktitle={Tenth International Conference on Machine Vision (ICMV 2017)},
  volume={10696},
  pages={106961B},
  year={2018},
  organization={International Society for Optics and Photonics}
}