@Article{Prun2013AutomAndRemCont,
author="Prun, V. E.
and Buzmakov, A. V.
and Nikolaev, D. P.
and Chukalina, M. V.
and Asadchikov, V. E.",
title="A computationally efficient version of the algebraic method for computer tomography",
journal="Automation and Remote Control",
year="2013",
volume="74",
number="10",
pages="1670--1678",
abstract="We propose a new fast version of the Simultaneous Algebraic Reconstruction Technique (SART) for computer tomography. The algorithm's iteration has been made asymptotically faster with a fast Hough transform. The algorithm's behavior has been studied with a model experiment.",
issn="1608-3032",
doi="10.1134/S000511791310007X",
url="http://dx.doi.org/10.1134/S000511791310007X"
}

@article{buz_jac_2015,
author = "Buzmakov, Alexey and Chukalina, Marina and Nikolaev, Dmitry and Gulimova, Victoriya and Saveliev, Sergey and Tereschenko, Elena and Seregin, Alexey and Senin, Roman and Zolotov, Denis and Prun, Victor and Shaefer, Gerald and Asadchikov, Victor",
title = "{Monochromatic computed microtomography using laboratory and synchrotron sources and X-ray fluorescence analysis for comprehensive analysis of structural changes in bones}",
journal = "Journal of Applied Crystallography",
year = "2015",
volume = "48",
number = "3",
pages = "693--701",
month = "6",
doi = {10.1107/S1600576715006214},
url = {https://doi.org/10.1107/S1600576715006214}
}

@inproceedings{chukalina2014xray,
  title={Проблемы томографии в полихроматических схемах.},
  author={Чукалина, Марина Валерьевна, and Ингачева, Анастасия Сергеевна and Бузмаков, Алексей Владимирович and Прун, Виктор Евгеньевич and Николаев, Дмитрий Петрович and Алиев, Михаил Александрович and Золотов, Денис Александрович and Асадчиков, Виктор Евгеньевич},
  booktitle={Рентгеновская оптика--2014. Доклады конференции, г. Черноголовка},
  pages={107--107},
  year={2014},
  organization={Институт проблем технологии микроэлектроники и особочистых материалов РАН}
}
