@article{barrett2004artifacts,
  title={Artifacts in CT: recognition and avoidance 1},
  author={Barrett, Julia F and Keat, Nicholas},
  journal={Radiographics},
  volume={24},
  number={6},
  pages={1679--1691},
  year={2004},
  publisher={Radiological Society of North America}
}

@article{boas2012ct,
  title={CT artifacts: causes and reduction techniques},
  author={Boas, F Edward and Fleischmann, Dominik},
  journal={Imaging in Medicine},
  volume={4},
  number={2},
  pages={229--240},
  year={2012},
  publisher={Future Medicine}
}

@article{nasirudin2015reduction,
  title={Reduction of Metal Artifact in Single Photon-Counting Computed Tomography by Spectral-Driven Iterative Reconstruction Technique},
  author={Nasirudin, Radin A and Mei, Kai and Panchev, Petar and Fehringer, Andreas and Pfeiffer, Franz and Rummeny, Ernst J and Fiebich, Martin and No{\"e}l, Peter B},
  year={2015}
}

@article{park2015computed,
  title={Computed tomographic beam-hardening artefacts: mathematical characterization and analysis},
  author={Park, Hyoung Suk and Chung, Yong Eun and Seo, Jin Keun},
  journal={Philosophical Transactions of the Royal Society of London A: Mathematical, Physical and Engineering Sciences},
  volume={373},
  number={2043},
  pages={20140388},
  year={2015},
  publisher={The Royal Society}
}

@article{bamberg2011metal,
  title={Metal artifact reduction by dual energy computed tomography using monoenergetic extrapolation},
  author={Bamberg, Fabian and Dierks, Alexander and Nikolaou, Konstantin and Reiser, Maximilian F and Becker, Christoph R and Johnson, Thorsten RC},
  journal={European radiology},
  volume={21},
  number={7},
  pages={1424--1429},
  year={2011},
  publisher={Springer}
}

@phdthesis{jmuller2006,
	author		= "J. Müller",
	title		= "“Metal artifact reduction for X-ray computed tomography in combination with iterative reconstruction algorithms",
	school		= "Rhein AhrCampus Remagen",
	year		= "2006"
}

@article{oehler2007statistical,
  title={Statistical image reconstruction for inconsistent CT projection data},
  author={Oehler, M and Buzug, TM and others},
  journal={Methods Inf Med},
  volume={46},
  number={3},
  pages={261--269},
  year={2007}
}

@inproceedings{amirkhanov2012evaluation,
  title={Evaluation of Projection-Based Metal-Artifact Reduction for Multi-Material Components},
  author={Amirkhanov, Artem and Reiter, Michael and Kastner, Johann and Gr{\"o}ller, M Eduard and Heinzl, Christoph},
  booktitle={Conference on Industrial Computed Tomography (iCT 2012)},
  pages={279--287},
  year={2012}
}

@article{brunetti2004library,
  title={A library for X-ray--matter interaction cross sections for X-ray fluorescence applications},
  author={Brunetti, Antonio and Del Rio, M Sanchez and Golosio, Bruno and Simionovici, Alexandre and Somogyi, Andrea},
  journal={Spectrochimica Acta Part B: Atomic Spectroscopy},
  volume={59},
  number={10},
  pages={1725--1731},
  year={2004},
  publisher={Elsevier}
}

@article{schoonjans2011xraylib,
  title={The xraylib library for X-ray--matter interactions. Recent developments},
  author={Schoonjans, Tom and Brunetti, Antonio and Golosio, Bruno and del Rio, Manuel Sanchez and Sol{\'e}, Vicente Armando and Ferrero, Claudio and Vincze, Laszlo},
  journal={Spectrochimica Acta Part B: Atomic Spectroscopy},
  volume={66},
  number={11},
  pages={776--784},
  year={2011},
  publisher={Elsevier}
}

@inproceedings{chukalinaway,
  title={A WAY TO REDUCE THE ARTIFACTS CAUSED BY INTENSELY ABSORBING AREAS IN COMPUTED TOMOGRAPHY},
  author={Chukalina, Marina V and Ingacheva, Anastasia and Prun, Victor and Buzmakov, Alexey and Nikolaev, Dmitry P},
  crossref={ecms:2015}
}

@proceedings{ecms:2015,
  title =        "29th European Conference on Modelling and Simulation",
  booktitle =    "29th European Conference on Modelling and Simulation",
  venue =        {Leuven, Belgium},
  year =         {2015},
  isbn =         {978-0-9932440-1-8},
}

@book{nocedal2006numerical,
  title={Numerical optimization},
  author={Nocedal, Jorge and Wright, Stephen},
  year={2006},
  publisher={Springer Science \& Business Media}
}
@Misc{scipy,
  author =    {Eric Jones and Travis Oliphant and Pearu Peterson and others},
  title =     {{SciPy}: Open source scientific tools for {Python}},
  year =      {2001},
  url = "http://www.scipy.org/",
  note = {[Online; accessed 2015-09-10]}
}

@article{van2015astra,
  title={The ASTRA Toolbox: A platform for advanced algorithm development in electron tomography},
  author={van Aarle, Wim and Palenstijn, Willem Jan and De Beenhouwer, Jan and Altantzis, Thomas and Bals, Sara and Batenburg, K Joost and Sijbers, Jan},
  journal={Ultramicroscopy},
  year={2015},
  publisher={Elsevier}
}

@article{palenstijn2011performance,
  title={Performance improvements for iterative electron tomography reconstruction using graphics processing units (GPUs)},
  author={Palenstijn, WJ and Batenburg, KJ and Sijbers, J},
  journal={Journal of structural biology},
  volume={176},
  number={2},
  pages={250--253},
  year={2011},
  publisher={Elsevier}
}